@book{roman_bittersuse_1986,
    address = {Wien},
    title = {Bittersüße {Genüsse}},
    subtitle = {{Kulturgeschichte} der {Genussmittel}},
    shorttitle = {Bittersüße {Genüsse}},
    publisher = {Böhlau},
    author = {Roman, Sandgruber},
    year = {1986},
}

@book{pc_hardwarebuch,
    author = {Hans-Peter, Messmer},
    title = {PC-Hardwarebuch},
    date = {1993},
    subtitle = {Aufbau, Funktionsweise, Programmierung. Ein Handbuch nicht nur für Profis},
    edition = {2. Auflage},
    address = {Bonn},
    publisher = {Addison-Wesley},
}
